<?xml version="1.0" encoding="UTF-8" ?>
<marc:record xmlns:marc="http://www.loc.gov/MARC21/slim">
<marc:leader>00815cas a2200229   4500</marc:leader>
<marc:controlfield tag="001">252206</marc:controlfield>

<marc:controlfield tag="008">920706s1868                        ger  </marc:controlfield>

<marc:datafield tag="035" ind1=" " ind2=" ">
<marc:subfield code="a">(Sirsi) 252206</marc:subfield>
</marc:datafield>

<marc:datafield tag="041" ind1=" " ind2=" ">
<marc:subfield code="a">ger</marc:subfield>
</marc:datafield>

<marc:datafield tag="100" ind1="1" ind2=" ">
<marc:subfield code="a">Walther, Alexander</marc:subfield>
</marc:datafield>

<marc:datafield tag="245" ind1="1" ind2="4">
<marc:subfield code="a">Die Laubmoose Oberfrankens :</marc:subfield>
<marc:subfield code="b">Beitrage zur Pflanzengeographie und Systematik und zur Theorie vom Ursprunge der Arten /</marc:subfield>
<marc:subfield code="c">von Alexander Walther und Ludwig Molendo </marc:subfield>
</marc:datafield>

<marc:datafield tag="260" ind1=" " ind2=" ">
<marc:subfield code="a">Leipzig :</marc:subfield>
<marc:subfield code="b">Wilhelm Engelmann,</marc:subfield>
<marc:subfield code="c">1868 </marc:subfield>
</marc:datafield>

<marc:datafield tag="300" ind1=" " ind2=" ">
<marc:subfield code="a">vii, 279 p. </marc:subfield>
</marc:datafield>

<marc:datafield tag="546" ind1=" " ind2=" ">
<marc:subfield code="a">Text in German. </marc:subfield>
</marc:datafield>

<marc:datafield tag="592" ind1=" " ind2=" ">
<marc:subfield code="a">Scanned for Darwin Library and BHL </marc:subfield>
</marc:datafield>

<marc:datafield tag="596" ind1=" " ind2=" ">
<marc:subfield code="a">1 </marc:subfield>
</marc:datafield>

<marc:datafield tag="700" ind1="1" ind2=" ">
<marc:subfield code="a">Molendo, Ludwig,</marc:subfield>
<marc:subfield code="d">1833?-1903 </marc:subfield>
</marc:datafield>

<marc:controlfield tag="001">Catkey 158552 </marc:controlfield>

<marc:controlfield tag="001">ocm191983115 </marc:controlfield>

<marc:datafield tag="909" ind1=" " ind2=" ">
<marc:subfield code="a">191983115 </marc:subfield>
</marc:datafield>

<marc:datafield tag="590" ind1="1" ind2=" ">
<marc:subfield code="a">Itemid 369649 </marc:subfield>
</marc:datafield>

<marc:datafield tag="999" ind1=" " ind2=" ">
<marc:subfield code="a">BRYOPHYTES 582.32(4) WAL</marc:subfield>
<marc:subfield code="w">UDC</marc:subfield>
<marc:subfield code="c">1</marc:subfield>
<marc:subfield code="i">369649</marc:subfield>
<marc:subfield code="d">27/3/1998</marc:subfield>
<marc:subfield code="l">SHELVES</marc:subfield>
<marc:subfield code="m">BOTANY</marc:subfield>
<marc:subfield code="r">Y</marc:subfield>
<marc:subfield code="s">Y</marc:subfield>
<marc:subfield code="t">BOOK</marc:subfield>
<marc:subfield code="u">27/3/1998</marc:subfield>
<marc:subfield code="x">BRYOPHYTES </marc:subfield>
</marc:datafield>

</marc:record>